
@misc{oms,
    url = {https://www.who.int/es/news-room/fact-sheets/detail/obesity-and-overweight},
    year = {2024},
    author = {World Health Organization, WHO},
    title = {Obesity and overweight},

 }

@misc{Science_direct,
    url ={https://www.sciencedirect.com/science/article/pii/S2605073021000432?},
    year = {2021},
    author = {Francesc Alòs, Anna Puig-Ribera},
    title = {Uso de wearables y aplicaciones móviles}
 }

@misc{scielo,
    url ={https://scielo.isciii.es/scielo.php?script=sci_arttext&pid=S0212-16112014000800002},
    year = {2014},
    author = {Ismael San Mauro Martín1,2, Miguel González Fernández1 y Luis Collado Yurrita2},
    title = {Aplicaciones móviles en nutrición, dietética y hábitos saludables}
 }

@misc{react_native,
    url ={https://reactnative.dev/docs/getting-started},
    year = {2025},
    author = {web official React Native },
    title = {Manual de React Native}
 }
@misc{nodejs,
    url ={https://nodejs.org/es/learn/getting-started/introduction-to-nodejs},
    year = {2025},
    author = {web officialNodeJS },
    title = {Manual de NodeJS}
 }

@misc{sts_rest,
    url ={https://spring.io/guides/gs/rest-service},
    year = {2025},
    author = {web official Spring Boot },
    title = {Manual de Spring Boot Rest}
 }
@misc{sts,
    url ={https://spring.io/guides/gs/spring-boot},
    year = {2025},
    author = {web official Spring Boot },
    title = {Manual de Spring Boot}
 }


@misc{info_framework,
    url ={https://axarnet.es/blog/plataformas-desarrollo-aplicaciones-moviles},
    year = {2025},
    author = {Axarnet},
    title = {Plataformas de desarrollo de aplicaciones móviles}
 }


@misc{ibm_info,
    url ={https://www.ibm.com/es-es/topics/mobile-application-development},
    author = {IBM},
    year= {2025},
    title = {¿Qué es el desarrollo de aplicaciones móviles?}
 }

@misc{eas,
    url ={https://docs.expo.dev/eas/},
    author = {EXPO},
    year = {2025},
    title = {Expo Application Services}
 }
@misc{expo_docs,
    url ={https://docs.expo.dev/},
    author = {EXPO},
    year = {2025},
    title = {Guides: Overview}
 }
@misc{firebase_docs,
    url ={https://firebase.google.com/docs?hl=es-419},
    author = {Google Firebase},
    year = {2025},
    title = {Documentación Firebase}
 }
@misc{tfg_recomendador,
    url ={https://docta.ucm.es/entities/publication/26885ad0-877f-45da-88fa-2d47e556e89a},
    year ={2025},
    author = {Ye Fan, Martínez Daniel},
    title = {Recomendador de Hábitos para reducir el riesgo
de padecer Sobrepeso y Obesidad}
 }